@Book{achenbach:2001,
  author    = {Thomas M. Achenbach and Leslie A. Rescorla},
  publisher = {{Achenbach System of Empirically Based Assessment}},
  title     = {Manual for the {ASEBA} school-age forms \& profiles},
  year      = {2001},
}

@Article{ackard:2006,
  author  = {Diann M. Ackard and Dianne {Neumark-Sztainer} and Mary Story and Cheryl Perry},
  doi     = {10.1016/j.amepre.2005.09.013},
  journal = {American Journal of Preventive Medicine},
  number  = {1},
  pages   = {59--66},
  title   = {Parent-child connectedness and behavioral and emotional health among adolescents},
  volume  = {30},
  year    = {2006},
}

@Book{asparouhov:2022,
  author    = {Tihomir Asparouhov and Bengt Muth{\'e}n},
  publisher = {{Muth{\'e}n \& Muth{\'e}n}},
  title     = {Multiple imputation with \textsf{Mplus} \normalfont{(Version 4)}},
  year      = {2022},
  url       = {https://www.statmodel.com/download/Imputations7.pdf},
  file      = {Multiple imputation with Mplus:Asparouhov & Muthen (2010b).pdf:PDF},
}

@Article{baer:2002,
  author  = {Judith Baer},
  doi     = {10.1111/j.1741-3737.2002.00668.x},
  journal = {Journal of Marriage and Family},
  number  = {3},
  pages   = {668--675},
  title   = {Is family cohesion a risk or protective factor during adolescent development?},
  volume  = {64},
  year    = {2002},
}

@Article{bellina:2020,
  author  = {Monica Bellina and Silvia Grazioli and Marco Garzitto and Maddalena Mauri and Eleonora Rosi and Massimo Molteni and Paolo Brambilla and Maria Nobile},
  doi     = {10.1186/s12888-020-02778-8},
  journal = {{BMC} Psychiatry},
  number  = {1},
  pages   = {{Article 377}},
  title   = {Relationship between parenting measures and parents and child psychopathological symptoms: A cross-sectional study},
  volume  = {20},
  year    = {2020},
}

@Article{boyer:2006,
  author  = {Ty W. Boyer},
  doi     = {10.1016/j.dr.2006.05.002},
  journal = {Developmental Review},
  number  = {3},
  pages   = {291--345},
  title   = {The development of risk-taking: A multi-perspective review},
  volume  = {26},
  year    = {2006},
}

@Article{buehler:2006,
  author  = {Cheryl Buehler},
  doi     = {10.1111/j.1741-3737.2006.00237.x},
  journal = {Journal of Marriage and Family},
  number  = {1},
  pages   = {109--124},
  title   = {Parents and peers in relation to early adolescent problem behavior},
  volume  = {68},
  year    = {2006},
}

@Article{burt:2003,
  author  = {S. Alexandra Burt and Robert F. Krueger and Matt McGue and William Iacono},
  doi     = {10.1001/archpsyc.60.5.505},
  journal = {Archives of General Psychiatry},
  number  = {5},
  pages   = {505},
  title   = {Parent-child conflict and the comorbidity among childhood externalizing disorders},
  volume  = {60},
  year    = {2003},
}

@Article{burt:2009,
  author  = {S. Alexandra Burt and Amy J. Mikolajewski and Christine L. Larson},
  doi     = {10.1002/ab.20324},
  journal = {Aggressive Behavior},
  number  = {6},
  pages   = {453--461},
  title   = {Do aggression and rule-breaking have different interpersonal correlates? {A} study of antisocial behavior subtypes, negative affect, and hostile perceptions of others},
  volume  = {35},
  year    = {2009},
}

@Article{burt:2012,
  author  = {S. Alexandra Burt},
  doi     = {10.1016/j.cpr.2012.02.006},
  journal = {Clinical Psychology Review},
  number  = {4},
  pages   = {263--279},
  title   = {How do we optimally conceptualize the heterogeneity within antisocial behavior? {An} argument for aggressive versus non-aggressive behavioral dimensions},
  volume  = {32},
  year    = {2012},
}

@Article{burt:2016,
  author  = {S. Alexandra Burt and M. Brent Donnellan and Brooke L. Slawinski and Kelly L. Klump},
  doi     = {10.1007/s10802-015-0076-x},
  journal = {Journal of Abnormal Child Psychology},
  number  = {4},
  pages   = {651--661},
  title   = {The phenomenology of non-aggressive antisocial behavior during childhood},
  volume  = {44},
  year    = {2016},
}

@Book{carroll:2009,
  author    = {Annemaree Carroll and Stephen Houghton and Kevin Durkin and John A. Hattie},
  publisher = {Springer},
  title     = {Adolescent reputations and risk: Developmental trajectories to delinquency},
  year      = {2009},
  doi       = {10.1007/978-0-387-79988-9},
}

@Article{ciranka:2021,
  author  = {Simon Ciranka and Wouter {van den Bos}},
  doi     = {10.1016/j.dr.2021.100979},
  journal = {Developmental Review},
  pages   = {100979},
  title   = {Adolescent risk-taking in the context of exploration and social influence},
  volume  = {61},
  year    = {2021},
}

@Article{coe:2018,
  author  = {Jesse L. Coe and Patrick T. Davies and Melissa L. {Sturge-Apple}},
  doi     = {10.1037/fam0000346},
  journal = {Journal of Family Psychology},
  number  = {3},
  pages   = {289--298},
  title   = {Family cohesion and enmeshment moderate associations between maternal relationship instability and children's externalizing problems},
  volume  = {32},
  year    = {2018},
}

@Article{conger:2010,
  author  = {Rand D. Conger and Katherine J. Conger and Monica J. Martin},
  journal = {Journal of Marriage and Family},
  title   = {Socioeconomic status, family processes, and individual development},
  year    = {2010},
  number  = {3},
  pages   = {685--704},
  volume  = {72},
  doi     = {10.1111/j.1741-3737.2010.00725.x},
}

@Article{connell:2002,
  author  = {Arin M. Connell and Sherryl H. Goodman},
  doi     = {10.1037/0033-2909.128.5.746},
  journal = {Psychological Bulletin},
  number  = {5},
  pages   = {746--773},
  title   = {The association between psychopathology in fathers versus mothers and children's internalizing and externalizing behavior problems: A meta-analysis},
  volume  = {128},
  year    = {2002},
}

@Article{crawford:2008,
  author  = {Lizabeth A. Crawford and Katherine B. Novak},
  journal = {Journal of Family Issues},
  title   = {Parent-child relations and peer associations as mediators of the family structure-substance use relationship},
  year    = {2008},
  number  = {2},
  pages   = {155--184},
  volume  = {29},
  doi     = {10.1177/0192513x07304461},
}

@Article{cummings:1994,
  author  = {E. Mark Cummings and Patrick T. Davies},
  doi     = {10.1111/j.1469-7610.1994.tb01133.x},
  journal = {Journal of Child Psychology and Psychiatry},
  number  = {1},
  pages   = {73--122},
  title   = {Maternal depression and child development},
  volume  = {35},
  year    = {1994},
}

@Book{cummings:2000,
  author    = {E. Mark Cummings and Patrick T. Davies and Susan B. Campbell},
  publisher = {Guilford Press},
  title     = {Developmental psychopathology and family process: Theory, research, and clinical implications},
  year      = {2000},
}

@Article{cummings:2005,
  author  = {E. Mark Cummings and Peggy S. Keller and Patrick T. Davies},
  doi     = {10.1111/j.1469-7610.2004.00368.x},
  journal = {Journal of Child Psychology and Psychiatry},
  number  = {5},
  pages   = {479--489},
  title   = {Towards a family process model of maternal and paternal depressive symptoms: exploring multiple relations with child and family functioning},
  volume  = {46},
  year    = {2005},
}

@Article{dadds:2003,
  author  = {Mark R. Dadds},
  doi     = {10.1023/a:1023762009877},
  journal = {Clinical Child and Family Psychology Review},
  number  = {2},
  pages   = {69--86},
  title   = {Punishment insensitivity and parenting: Temperament and learning as interacting risks for antisocial behavior},
  volume  = {6},
  year    = {2003},
}

@Article{dekovic:2003,
  author  = {Maja Dekovi{\'c} and Jan M. A. M. Janssens and Nicole M. C. As},
  doi     = {10.1111/j.1545-5300.2003.42203.x},
  journal = {Family Process},
  number  = {2},
  pages   = {223--235},
  title   = {Family predictors of antisocial behavior in adolescence},
  volume  = {42},
  year    = {2003},
}

@Article{delosreyes:2011,
  author  = {Andres {De Los Reyes}},
  doi     = {10.1080/15374416.2011.533405},
  journal = {Journal of Clinical Child \& Adolescent Psychology},
  number  = {1},
  pages   = {1--9},
  title   = {More than measurement error: Discovering meaning behind informant discrepancies in clinical assessments of children and adolescents},
  volume  = {40},
  year    = {2011},
}

@Book{depaoli:2021,
  author    = {Sarah Depaoli},
  publisher = {Guilford Press},
  title     = {Bayesian structural equation modeling},
  year      = {2021},
}

@Article{derogatis:1974,
  author  = {Leonard R. Derogatis and Ronald S. Lipman and Karl Rickels and E. H. Uhlenhuth and Lino Covi},
  doi     = {10.1002/bs.3830190102},
  journal = {Behavioral Science},
  number  = {1},
  pages   = {1--15},
  title   = {The {Hopkins Symptom Checklist} ({HSCL}): A self-report symptom inventory},
  volume  = {19},
  year    = {1974},
}

@InCollection{dishion:2006,
  author    = {Thomas J. Dishion and Gerald R. Patterson},
  booktitle = {Developmental Psychopathology},
  publisher = {John Wiley {\&} Sons},
  title     = {The development and ecology of antisocial behavior in children and adolescents},
  year      = {2006},
  edition   = {2ne ed.},
  editor    = {Dante Cicchetti and Donald J. Cohen},
  pages     = {503--541},
  doi       = {10.1002/9780470939406.ch13},
}

@Article{elgar:2007,
  author  = {Frank J. Elgar and Rosemary S. L. Mills and Patrick J. McGrath and Daniel A. Waschbusch and Douglas A. Brownridge},
  doi     = {10.1007/s10802-007-9145-0},
  journal = {Journal of Abnormal Child Psychology},
  number  = {6},
  pages   = {943--955},
  title   = {Maternal and paternal depressive symptoms and child maladjustment: The mediating role of parental behavior},
  volume  = {35},
  year    = {2007},
}

@Article{fink:2004a,
  author  = {Per Fink and Eva {\O}rnb{\o}l and Morten Steen Hansen and Lene S{\o}ndergaard and Peter {De Jonge}},
  doi     = {10.1016/s0022-3999(03)00071-0},
  journal = {Journal of Psychosomatic Research},
  number  = {3},
  pages   = {371--375},
  title   = {Detecting mental disorders in general hospitals by the {SCL}-8 scale},
  volume  = {56},
  year    = {2004},
}

@Article{fink:2004b,
  author  = {Per Fink and Eva {\O}rnb{\o}l and Frits J Huyse and Peter de Jonge and Antonio Lobo and Thomas Herzog and Joris Slaets and Volker Arolt and Graca Cardoso and Marco Rigatelli and Morten Steen Hansen},
  doi     = {10.1016/s0022-3999(03)00374-x},
  journal = {Journal of Psychosomatic Research},
  number  = {1},
  pages   = {17--24},
  title   = {A brief diagnostic screening instrument for mental disturbances in general medical wards},
  volume  = {57},
  year    = {2004},
}

@InBook{fonagy:2021,
  author    = {Peter Fonagy},
  booktitle = {Developmental psychopathology},
  editor    = {Amanda Venta and Carla Sharp and Jack M. Fletcher and Peter Fonagy},
  pages     = {157--181},
  publisher = {{John Wiley \& Sons}},
  title     = {Emergence of antisocial behavior in middle childhood},
  year      = {2021},
  doi       = {10.1002/9781118686089.ch7},
  month     = {jun},
}

@InBook{fosco:2019,
  author    = {Gregory M. Fosco and Emily J. {LoBraico}},
  booktitle = {{APA} handbook of contemporary family psychology: Applications and broad impact of family psychology},
  editor    = {B. H. Fiese and M. Celano and K. {Deater-Deckard} and E. N. Jouriles and M. A. Whisman},
  pages     = {53--68},
  publisher = {{American Psychological Association}},
  title     = {A family systems framework for adolescent antisocial behavior: The state of the science and suggestions for the future},
  year      = {2019},
  edition   = {Vol. 2},
  doi       = {10.1037/0000100-004},
}

@Article{fosco:2020,
  author  = {Gregory M. Fosco and David M. Lydon-Staley},
  doi     = {10.1111/famp.12515},
  journal = {Family Process},
  number  = {4},
  pages   = {1672--1689},
  title   = {Implications of family cohesion and conflict for adolescent mood and well-being: Examining within- and between-family processes on a daily timescale},
  volume  = {59},
  year    = {2020},
}

@Article{francisco:2015,
  author    = {Rita Francisco and Sara Loios and Marta Pedro},
  doi       = {10.1007/s10578-015-0609-0},
  journal   = {Child Psychiatry \& Human Development},
  number    = {5},
  pages     = {759--770},
  title     = {Family functioning and adolescent psychological maladjustment: The mediating role of coping strategies},
  volume    = {47},
  year      = {2015},
  month     = {nov},
  publisher = {Springer Science and Business Media {LLC}},
}

@Article{frick:2009,
  author  = {Paul J. Frick and Essi Viding},
  doi     = {10.1017/s0954579409990071},
  journal = {Development and Psychopathology},
  number  = {4},
  pages   = {1111--1131},
  title   = {Antisocial behavior from a developmental psychopathology perspective},
  volume  = {21},
  year    = {2009},
}

@InBook{garber:2005,
  author    = {Judy Garber},
  booktitle = {Psychopathology and the family},
  editor    = {Jennifer L. Hudson and Ronald M. Rapee},
  pages     = {225--280},
  publisher = {Elsevier},
  title     = {Depression and the family},
  year      = {2005},
  doi       = {10.1016/b978-008044449-9/50013-7},
}

@InBook{goodman:2006,
  author    = {Sherryl H. Goodman and Erin Tully},
  booktitle = {Women and Depression},
  editor    = {Corey L. M. Keyes and Sherryl H. Goodman},
  pages     = {241--280},
  publisher = {Cambridge University Press},
  title     = {Depression in women who are mothers: An integrative model of risk for the development of psychopathology in their sons and daughters},
  year      = {2006},
  doi       = {10.1017/cbo9780511841262.013},
}

@Article{granic:2006,
  author  = {Isabela Granic and Gerald R. Patterson},
  doi     = {10.1037/0033-295x.113.1.101},
  journal = {Psychological Review},
  number  = {1},
  pages   = {101--131},
  title   = {Toward a comprehensive model of antisocial development: A dynamic systems approach},
  volume  = {113},
  year    = {2006},
}

@Article{gross:2009,
  author  = {Heather E. Gross and Daniel S. Shaw and Rebecca A. Burwell and Daniel S. Nagin},
  doi     = {10.1017/s0954579409000091},
  journal = {Development and Psychopathology},
  number  = {1},
  pages   = {139--156},
  title   = {Transactional processes in child disruptive behavior and maternal depression: A longitudinal study from early childhood to adolescence},
  volume  = {21},
  year    = {2009},
}

@Article{hails:2018,
  author  = {Katherine A. Hails and Julia D. Reuben and Daniel S. Shaw and Thomas J. Dishion and Melvin N. Wilson},
  doi     = {10.1080/15374416.2017.1280803},
  journal = {Journal of Clinical Child {\&} Adolescent Psychology},
  number  = {{S1}},
  pages   = {S291--S305},
  title   = {Transactional associations among maternal depression, parent-child coercion, and child conduct problems during early childhood},
  volume  = {47},
  year    = {2018},
}

@Article{hautmann:2015,
  author  = {Christopher Hautmann and Ilka Eichelberger and Charlotte Hanisch and Julia Pl{\"u}ck and Daniel Walter and Manfred D{\"o}pfner},
  journal = {International Journal of Behavioral Development},
  title   = {Association between parental emotional symptoms and child antisocial behaviour},
  year    = {2015},
  number  = {1},
  pages   = {43--52},
  volume  = {39},
  doi     = {10.1177/0165025414535120},
}

@Article{hawes:2005,
  author  = {David J. Hawes and Mark R. Dadds},
  doi     = {10.1037/0022-006x.73.4.737},
  journal = {Journal of Consulting and Clinical Psychology},
  number  = {4},
  pages   = {737--741},
  title   = {The treatment of conduct problems in children with callous-unemotional traits},
  volume  = {73},
  year    = {2005},
}

@Book{hayes:2022,
  author    = {Andrew F. Hayes},
  publisher = {Guilford Press},
  title     = {Introduction to mediation, moderation and conditional process analysis: A regression-based approach},
  year      = {2022},
  edition   = {3rd ed.},
}

@InBook{hiatt:2008,
  author    = {Kristina D. Hiatt and Thomas J. Dishion},
  booktitle = {Child and adolescent psychology},
  editor    = {Theodore P. Beauchaine and Stephen P. Hinshaw},
  pages     = {370--404},
  publisher = {{John Wiley \& Sons}},
  title     = {Antisocial personality development},
  year      = {2008},
  url       = {http://repository.umpwr.ac.id:8080/bitstream/handle/123456789/147/Child and Adolescent Psychopathology.pdf?sequence=1#page=387},
}

@Article{hirshfeld:1997,
  author  = {Dina R. Hirshfeld and Joseph Biederman and Leslie Brody and Stephen V. Faraone and Jerrold F. Rosenbaum},
  doi     = {10.1097/00004583-199707000-00012},
  journal = {Journal of the American Academy of Child {\&} Adolescent Psychiatry},
  number  = {7},
  pages   = {910--917},
  title   = {Expressed emotion toward children with behavioral inhibition: Associations with maternal anxiety disorder},
  volume  = {36},
  year    = {1997},
}

@Article{jones:2021,
  author  = {Lauren B. Jones and Bobbie A. Hall and Elizabeth J. Kiel},
  doi     = {10.1016/j.jad.2021.08.065},
  journal = {Journal of Affective Disorders},
  pages   = {541--551},
  title   = {Systematic review of the link between maternal anxiety and overprotection},
  volume  = {295},
  year    = {2021},
}

@Article{joyner:2021,
  author  = {Bridget Joyner and Kevin M. Beaver},
  doi     = {10.1007/s11126-020-09842-2},
  journal = {Psychiatric Quarterly},
  number  = {2},
  pages   = {655--674},
  title   = {Maternal depression and child and adolescent problem behaviors: A propensity score matching approach},
  volume  = {92},
  year    = {2021},
}

@Article{kane:2004,
  author  = {Peter Kane and Judy Garber},
  journal = {Clinical Psychology Review},
  title   = {The relations among depression in fathers, children's psychopathology, and father-child conflict: A meta-analysis},
  year    = {2004},
  number  = {3},
  pages   = {339--360},
  volume  = {24},
  doi     = {10.1016/j.cpr.2004.03.004},
}

@Article{korhonen:2014,
  author  = {Marie Korhonen and Ilona Luoma and Raili Salmelin and Tuula Tamminen},
  doi     = {10.3109/08039488.2013.838804},
  journal = {{Nordic} Journal of Psychiatry},
  number  = {5},
  pages   = {323--332},
  title   = {Maternal depressive symptoms: Associations with adolescents' internalizing and externalizing problems and social competence},
  volume  = {68},
  year    = {2014},
}

@Article{kornienko:2019,
  author  = {Olga Kornienko and Marissa Davila and Carlos E. Santos},
  doi     = {10.1007/s10964-019-01109-9},
  journal = {Journal of Youth and Adolescence},
  number  = {10},
  pages   = {2065--2078},
  title   = {Friendship network dynamics of aggressive and rule-breaking antisocial behaviors in adolescence},
  volume  = {48},
  year    = {2019},
}

@Article{li:2021,
  author  = {Mengxue Li and Lili Li and Feng Wu and Yang Cao and Huanrui Zhang and Xin Li and Jie Zou and Zhongwu Guo and Lingtao Kong},
  doi     = {10.1016/j.jad.2021.03.048},
  journal = {Journal of Affective Disorders},
  pages   = {255--260},
  title   = {Perceived family adaptability and cohesion and depressive symptoms: A comparison of adolescents and parents during {COVID}-19 pandemic},
  volume  = {287},
  year    = {2021},
}

@Article{lin:2019,
  author  = {Wen-Hsu Lin and Chin-Chun Yi},
  doi     = {10.1177/0044118x17704865},
  journal = {Youth {\&} Society},
  number  = {5},
  pages   = {680--706},
  title   = {The effect of family cohesion and life satisfaction during adolescence on later adolescent outcomes},
  volume  = {51},
  year    = {2019},
}

@Article{little:2003,
  author  = {Todd D. Little and Christopher C. Henrich and Stephanie M. Jones and Patricia H. Hawley},
  doi     = {10.1080/01650250244000128},
  journal = {International Journal of Behavioral Development},
  number  = {2},
  pages   = {122--133},
  title   = {Disentangling the ``whys'' from the ``whats'' of aggressive behaviour},
  volume  = {27},
  year    = {2003},
}

@Book{little:2020,
  author    = {Roderick J. A. Little and Donald B. Rubin},
  publisher = {John Wiley \& Sons},
  title     = {Statistical analysis with missing data},
  year      = {2020},
  doi       = {10.1002/9781119482260},
  edition   = {3rd ed.},
}

@Article{lobraico:2020,
  author  = {Emily J. {LoBraico} and Bethany C. Bray and Mark E. Feinberg and Gregory M. Fosco},
  doi     = {10.1037/fam0000640},
  journal = {Journal of Family Psychology},
  number  = {5},
  pages   = {587--597},
  title   = {Constellations of family risk for long-term adolescent antisocial behavior},
  volume  = {34},
  year    = {2020},
}

@Article{lucia:2006,
  author  = {Victoria C. Lucia and Naomi Breslau},
  doi     = {10.1016/j.psychres.2005.06.009},
  journal = {Psychiatry Research},
  number  = {2},
  pages   = {141--149},
  title   = {Family cohesion and children's behavior problems: A longitudinal investigation},
  volume  = {141},
  year    = {2006},
}

@Book{lurie:2006,
  author    = {Jim Lurie},
  publisher = {{Barnevernets utviklingssenter i Midt-Norge}},
  title     = {Teachers' perceptions of emotional and behavioral problems in 6--12 year-old {Norwegian} school children},
  year      = {2006},
  url       = {https://samforsk.no/uploads/files/Publikasjoner/Teachers-perceptions-of-TRF-SAMLET.pdf},
}

@Book{mackinnon:2008,
  author    = {David P. MacKinnon},
  publisher = {Routledge},
  title     = {Introduction to statistical mediation analysis},
  year      = {2008},
  doi       = {10.4324/9780203809556},
  month     = {oct},
}

@Article{marmorstein:2004,
  author  = {Naomi R. Marmorstein and William G. Iacono},
  journal = {Journal of Child Psychology and Psychiatry},
  title   = {Major depression and conduct disorder in youth: Associations with parental psychopathology and parent-child conflict},
  year    = {2004},
  number  = {2},
  pages   = {377--386},
  volume  = {45},
  doi     = {10.1111/j.1469-7610.2004.00228.x},
}

@InBook{mishra:2008,
  author    = {Sandeep Mishra and Martin L. Lalumi{\`e}re},
  booktitle = {Evolutionary forensic psychology: Darwinian foundations of crime and law},
  editor    = {Joshua Duntley and Todd K. Shackelford},
  pages     = {139--159},
  publisher = {Oxford University Press},
  title     = {Risk-taking, antisocial behavior, and life histories},
  year      = {2008},
  doi       = {10.1093/acprof:oso/9780195325188.003.0008},
}

@Article{moffitt:2001,
  author    = {Terrie E. Moffitt and Avshalom Caspi},
  doi       = {10.1017/s0954579401002097},
  journal   = {Development and Psychopathology},
  number    = {2},
  pages     = {355--375},
  title     = {Childhood predictors differentiate life-course persistent and adolescence-limited antisocial pathways among males and females},
  volume    = {13},
  year      = {2001},
  month     = {may},
  publisher = {Cambridge University Press ({CUP})},
}

@InBook{moffitt:2015,
  author    = {Terrie E. Moffitt},
  booktitle = {Developmental Psychopathology},
  editor    = {Dante Cicchetti and Donald J. Cohen},
  pages     = {570--598},
  publisher = {John Wiley {\&} Sons},
  title     = {Life-course-persistent versus adolescence-limited antisocial behavior},
  year      = {2015},
  doi       = {10.1002/9780470939406.ch15},
  edition   = {2nd ed.},
}

@Article{moffitt:2018,
  author  = {Terrie E. Moffitt},
  doi     = {10.1038/s41562-018-0309-4},
  journal = {Nature Human Behaviour},
  number  = {3},
  pages   = {177--186},
  title   = {Male antisocial behaviour in adolescence and beyond},
  volume  = {2},
  year    = {2018},
}

@Article{moos:1976,
  author  = {Rudolf H. Moos and Bernice S. Moos},
  doi     = {10.1111/j.1545-5300.1976.00357.x},
  journal = {Family Process},
  number  = {4},
  pages   = {357--371},
  title   = {A typology of family social environments},
  volume  = {15},
  year    = {1976},
}

@Article{moos:1990,
  author  = {Rudolf H. Moos},
  doi     = {10.1111/j.1545-5300.1990.00199.x},
  journal = {Family Process},
  number  = {2},
  pages   = {199--208},
  title   = {Conceptual and empirical approaches to developing family-based assessment procedures: Resolving the case of the {Family Environment Scale}},
  volume  = {29},
  year    = {1990},
}

@Book{moos:2009,
  author    = {Rudolf H. Moos and Bernice S. Moos},
  publisher = {Mind Garden},
  title     = {{Family Environment Scale} manual and sampler set: Development, applications and research},
  year      = {2009},
  edition   = {4th ed.},
}

@Book{muthen:2017,
  author    = {Linda K. Muth{\'e}n and Bengt O. Muth{\'e}n},
  publisher = {{Muth{\'e}n \& Muth{\'e}n}},
  title     = {\textsf{Mplus} user's guide},
  year      = {{1998--2017}},
  edition   = {8th ed.},
  url       = {https://www.statmodel.com/download/usersguide/MplusUserGuideVer_8.pdf},
}

@Book{naarking:2004,
  author    = {Sylvie Naar-King and Deborah A. Ellis and Maureen A. Frey and Michele Lee Ondersma},
  publisher = {Routledge},
  title     = {Assessing children's well-being: A handbook of measures},
  year      = {2004},
}

@Article{nicholson:2011,
  author  = {Jody S. Nicholson and Pascal R. Deboeck and Jaelyn R. Farris and Steven M. Boker and John G. Borkowski},
  doi     = {10.1037/a0023912},
  journal = {Developmental Psychology},
  number  = {5},
  pages   = {1312--1323},
  title   = {Maternal depressive symptomatology and child behavior: Transactional relationship with simultaneous bidirectional coupling},
  volume  = {47},
  year    = {2011},
}

@Book{bjornebekk:2013,
  author    = {Gunnar Bj{\o}rnebekk},
  publisher = {BioMed Central, Springer},
  title     = {Evaluation of {Functional Family Therapy} ({FFT}) in {Norway} \normalfont{(ISRCTN ID 58861782)}},
  year      = {2013},
  doi       = {10.1186/isrctn58861782},
}

@Article{pandolfi:2014,
  author  = {Vincent Pandolfi and Caroline I. Magyar and Megan Norris},
  doi     = {10.1080/19315864.2014.930547},
  journal = {Journal of Mental Health Research in Intellectual Disabilities},
  number  = {4},
  pages   = {306--322},
  title   = {Validity study of the {CBCL} 6--18 for the assessment of emotional problems in youth with {ASD}},
  volume  = {7},
  year    = {2014},
}

@InBook{patterson:2002,
  author    = {Gerald R. Patterson},
  booktitle = {Antisocial behavior in children and adolescents: A developmental analysis and model for intervention},
  editor    = {J. B. Reid and G. R. Patterson and J. Snyder},
  pages     = {25--44},
  publisher = {American Psychological Association},
  title     = {The early development of coercive family process},
  year      = {2002},
  doi       = {10.1037/10468-002},
}

@Article{perez:2018,
  author    = {J. Carola P{\'e}rez and Soledad Coo and Mat{\'{\i}}as Irarr{\'a}zaval},
  doi       = {10.1016/j.adolescence.2017.12.013},
  journal   = {Journal of Adolescence},
  number    = {1},
  pages     = {129--141},
  title     = {Is maternal depression related to mother and adolescent reports of family functioning?},
  volume    = {63},
  year      = {2018},
  month     = {jan},
  publisher = {Wiley},
}

@Article{petegem:2020,
  author  = {Stijn Van Petegem and Jean-Philippe Antonietti and Cindy Eira Nunes and Evie Kins and Bart Soenens},
  doi     = {10.1007/s10964-019-01126-8},
  journal = {Journal of Youth and Adolescence},
  number  = {1},
  pages   = {162--177},
  title   = {The relationship between maternal overprotection, adolescent internalizing and externalizing problems, and psychological need frustration: A multi-informant study using response surface analysis},
  volume  = {49},
  year    = {2020},
}

@Article{richmond:2006,
  author  = {Melissa K. Richmond and Clare M. Stocker},
  doi     = {10.1037/0893-3200.20.4.663},
  journal = {Journal of Family Psychology},
  number  = {4},
  pages   = {663--669},
  title   = {Associations between family cohesion and adolescent siblings' externalizing behavior},
  volume  = {20},
  year    = {2006},
}

@Article{ringoot:2015,
  author  = {Ank P. Ringoot and Henning Tiemeier and Vincent W.V. Jaddoe and Pety So and Albert Hofman and Frank C. Verhulst and Pauline W. Jansen},
  doi     = {10.1016/j.jclinepi.2015.03.009},
  journal = {Journal of Clinical Epidemiology},
  number  = {8},
  pages   = {928--938},
  title   = {Parental depression and child well-being: young children's self-reports helped addressing biases in parent reports},
  volume  = {68},
  year    = {2015},
}

@Article{robinson:2019,
  author  = {Monique Robinson and Dorota A. Doherty and Jeffrey Cannon and Martha Hickey and Susan L. Rosenthal and Jennifer L. Marino and S. Rachel Skinner},
  doi     = {10.1111/bjdp.12270},
  journal = {British Journal of Developmental Psychology},
  number  = {2},
  pages   = {247--268},
  title   = {Comparing adolescent and parent reports of externalizing problems: A longitudinal population-based study},
  volume  = {37},
  year    = {2019},
}

@Article{romm:2022,
  author  = {Katelyn F. Romm and Lauren M. Alvis},
  doi     = {10.1007/s10826-021-02174-0},
  journal = {Journal of Child and Family Studies},
  number  = {4},
  pages   = {962--977},
  title   = {Maternal and paternal psychological control dimensions: Relations with adolescent outcomes},
  volume  = {31},
  year    = {2022},
}

@Article{roosa:1990,
  author  = {Mark W. Roosa and Janette Beals},
  doi     = {10.1111/j.1545-5300.1990.00191.x},
  journal = {Family Process},
  number  = {2},
  pages   = {191--198},
  title   = {Measurement issues in family assessment: The case of the {Family Environment Scale}},
  volume  = {29},
  year    = {1990},
}

@Article{rucker:2011,
  author  = {Derek D. Rucker and Kristopher J. Preacher and Zakary L. Tormala and Richard E. Petty},
  doi     = {10.1111/j.1751-9004.2011.00355.x},
  journal = {Social and Personality Psychology Compass},
  number  = {6},
  pages   = {359--371},
  title   = {Mediation analysis in social psychology: Current practices and new recommendations},
  volume  = {5},
  year    = {2011},
}

@Book{sawtooth:2013,
  author = {{Sawtooth Software}},
  title  = {{\textsf{Ci3}} \normalfont{[Computer software]}},
  year   = {2013},
  url    = {https://sawtoothsoftware.com/resources/knowledge-base/sales-questions/can-i-buy-a-ci3-license},
}

@Article{saxbe:2014,
  author  = {Darby E. Saxbe and Michelle R. Ramos and Adele C. Timmons and Aubrey R. Rodriguez and Gayla Margolin},
  doi     = {10.1037/a0036817},
  journal = {Journal of Family Psychology},
  number  = {3},
  pages   = {415--420},
  title   = {A path modeling approach to understanding family conflict: Reciprocal patterns of parent coercion and adolescent avoidance},
  volume  = {28},
  year    = {2014},
}

@InBook{scott:2015,
  author    = {Stephen Scott},
  editor    = {Anita Thapar and Daniel S. Pine and James F. Leckman and Stephen Scott and Margaret J. Snowling and Eric Taylor},
  pages     = {911--930},
  publisher = {John Wiley {\&} Sons},
  title     = {Oppositional and conduct disorders},
  year      = {2015},
  edition   = {6th ed.},
  booktitle = {Rutter's Child and Adolescent Psychiatry},
  doi       = {10.1002/9781118381953.ch65},
}

@Article{sellers:2014,
  author  = {Ruth Sellers and Gordon T. Harold and Kit Elam and Kimberly A. Rhoades and Robert Potter and Becky Mars and Nick Craddock and Anita Thapar and Stephan Collishaw},
  doi     = {10.1111/jcpp.12111},
  journal = {Journal of Child Psychology and Psychiatry},
  number  = {2},
  pages   = {112--120},
  title   = {Maternal depression and co-occurring antisocial behaviour: Testing maternal hostility and warmth as mediators of risk for offspring psychopathology},
  volume  = {55},
  year    = {2014},
}

@Book{siqveland:2016,
  author    = {Johan Siqveland and Torbj{\o}rn Moum and Kari Ann Leiknes},
  publisher = {Folkehelseinstituttet},
  title     = {M{\aa}leegenskaper ved den norske versjonen av {Symptom Checklist 90 Revidert} ({SCL-90-R}): Psykometrisk vurdering \normalfont{[Psychometric assessment of the {Norwegian} version of the {Symptom Checklist 90 Revised} ({SCL-90-R}): Psychometric assessment]}},
  year      = {2016},
  url       = {https://www.fhi.no/globalassets/dokumenterfiler/rapporter/2016/maleegenskaper-ved-den-norske-versjonen-av-symptom-checklist-90-rapport-2016.pdf},
}

@Article{skinner:2016,
  author  = {Olivenne D. Skinner and Susan M. McHale},
  doi     = {10.1007/s10964-016-0514-2},
  journal = {Journal of Youth and Adolescence},
  number  = {10},
  pages   = {2080--2093},
  title   = {Parent-adolescent conflict in {African American} families},
  volume  = {45},
  year    = {2016},
}

@Article{slee:1996,
  author  = {Phillip T. Slee},
  doi     = {10.1007/bf02353242},
  journal = {Child Psychiatry and Human Development},
  number  = {4},
  pages   = {255--266},
  title   = {Family climate and behavior in families with conduct disordered children},
  volume  = {26},
  year    = {1996},
}

@Article{steinberg:2004,
  author  = {Laurence Steinberg},
  doi     = {10.1196/annals.1308.005},
  journal = {Annals of the New York Academy of Sciences},
  number  = {1},
  pages   = {51--58},
  title   = {Risk-taking in adolescence: What changes, and why?},
  volume  = {1021},
  year    = {2004},
}

@Book{steinberg:2011,
  author    = {Laurence Steinberg},
  publisher = {{McGraw-Hill}},
  title     = {Adolescence},
  year      = {2011},
  edition   = {9th ed.},
}

@Article{sturgeapple:2014,
  author  = {Melissa L. {Sturge-Apple} and Patrick T. Davies and Dante Cicchetti and Michael G. Fittoria},
  doi     = {10.1017/s0954579414000509},
  journal = {Development and Psychopathology},
  number  = {{4, Pt. 1}},
  pages   = {983--998},
  title   = {A typology of interpartner conflict and maternal parenting practices in high-risk families: Examining spillover and compensatory models and implications for child adjustment},
  volume  = {26},
  year    = {2014},
}

@Article{sun:2021,
  author    = {Liping Sun and Jiawen Ju and Liying Kang and Yufang Bian},
  journal   = {Journal of Adolescence},
  title     = {``{More} control, more conflicts?'' {Clarifying} the longitudinal relations between parental psychological control and parent-adolescent conflict by disentangling between-family effects from within-family effects},
  year      = {2021},
  month     = {dec},
  number    = {1},
  pages     = {212--221},
  volume    = {93},
  doi       = {10.1016/j.adolescence.2021.11.004},
  publisher = {Wiley},
}

@Article{sundell:2019,
  author  = {Knut Sundell and Jenny Eklund and Laura Ferrer Wreder},
  doi     = {10.17505/jpor.2019.01},
  journal = {Journal for Person-oriented Research},
  number  = {1},
  pages   = {1--16},
  title   = {Stability and change in patterns of adolescent antisocial behavior},
  volume  = {5},
  year    = {2019},
}

@Article{sweeney:2016,
  author  = {Shaun Sweeney and Angus {MacBeth}},
  doi     = {10.1016/j.jad.2016.05.073},
  journal = {Journal of Affective Disorders},
  pages   = {44--59},
  title   = {The effects of paternal depression on child and adolescent outcomes: A systematic review},
  volume  = {205},
  year    = {2016},
}

@Article{thogersen:2020,
  author  = {Dagfinn M{\o}rkrid Th{\o}gersen and Mette Elmose Andersen and Gunnar Bj{\o}rnebekk},
  doi     = {10.1007/s10862-020-09788-6},
  journal = {Journal of Psychopathology and Behavioral Assessment},
  number  = {3},
  pages   = {592--604},
  title   = {A multi-informant study of the validity of the inventory of callous-unemotional traits in a sample of {Norwegian} adolescents with behavior problems},
  volume  = {42},
  year    = {2020},
}

@Book{tsd:2020,
  author = {{University of Oslo}},
  title  = {Services for sensitive data ({TSD})},
  year   = {2020},
  url    = {https://www.uio.no/english/services/it/research/sensitive-data/},
}

@Book{vanbuuren:2018,
  author    = {Stef {van Buuren}},
  publisher = {CRC Press},
  title     = {Flexible imputation of missing data},
  year      = {2018},
  edition   = {2nd ed.},
  url       = {https://stefvanbuuren.name/fimd/},
}

@Article{vanloon:2014,
  author  = {Linda M. A. {Van Loon} and Monique O. M. {Van de Ven} and Karin T. M. {Van Doesum} and Cilia L. M. Witteman and Clemens M. H. Hosman},
  journal = {Journal of Child and Family Studies},
  title   = {The relation between parental mental illness and adolescent mental health: The role of family factors},
  year    = {2014},
  number  = {7},
  pages   = {1201--1214},
  volume  = {23},
  doi     = {10.1007/s10826-013-9781-7},
}

@Article{vera:2012,
  author  = {Juan Vera and Roser Granero and Lourdes Ezpeleta},
  doi     = {10.1007/s10578-011-0272-z},
  journal = {Child Psychiatry {\&} Human Development},
  number  = {3},
  pages   = {376--392},
  title   = {Father's and mother's perceptions of parenting styles as mediators of the effects of parental psychopathology on antisocial behavior in outpatient children and adolescents},
  volume  = {43},
  year    = {2012},
}

@Article{vieno:2009,
  author    = {Alessio Vieno and Maury Nation and Massimiliano Pastore and Massimo Santinello},
  doi       = {10.1037/a0016929},
  journal   = {Developmental Psychology},
  number    = {6},
  pages     = {1509--1519},
  title     = {Parenting and antisocial behavior: A model of the relationship between adolescent self-disclosure, parental closeness, parental control, and adolescent antisocial behavior},
  volume    = {45},
  year      = {2009},
  month     = {nov},
  publisher = {American Psychological Association ({APA})},
}

@Article{vreeland:2019,
  author  = {Allison Vreeland and Meredith A. Gruhn and Kelly H. Watson and Alexandra H. Bettis and Bruce E. Compas and Rex Forehand and Alexandra D. Sullivan},
  doi     = {10.1007/s10826-019-01338-3},
  journal = {Journal of Child and Family Studies},
  number  = {4},
  pages   = {1124--1133},
  title   = {Parenting in context: Associations of parental depression and socioeconomic factors with parenting behaviors},
  volume  = {28},
  year    = {2019},
}

@Article{weymouth:2016,
  author  = {Bridget B. Weymouth and Cheryl Buehler and Nan Zhou and Robert A. Henson},
  doi     = {10.1111/jftr.12126},
  journal = {Journal of Family Theory {\&} Review},
  number  = {1},
  pages   = {95--112},
  title   = {A meta-analysis of parent-adolescent conflict: Disagreement, hostility, and youth maladjustment},
  volume  = {8},
  year    = {2016},
}

@Article{xu:2017,
  author  = {Yingcheng Xu and Rhonda C. Boyd and Laura Butler and Tyler M. Moore and Tami D. Benton},
  doi     = {10.1007/s10826-017-0825-2},
  journal = {Journal of Child and Family Studies},
  number  = {12},
  pages   = {3360--3369},
  title   = {Associations of parent-adolescent discrepancies in family cohesion and conflict with adolescent impairment},
  volume  = {26},
  year    = {2017},
}

@Article{allen:2010,
  author  = {Joseph P. Allen and Nell Manning and Jess Meyer},
  doi     = {10.1037/a0021081},
  journal = {Journal of Abnormal Psychology},
  number  = {4},
  pages   = {825--835},
  title   = {Tightly linked systems: Reciprocal relations between maternal depressive symptoms and maternal reports of adolescent externalizing behavior},
  volume  = {119},
  year    = {2010},
}

@Comment{jabref-meta: databaseType:bibtex;}
