% Encoding: UTF-8

@Article{tveit:2014,
  author  = {Sverre Tveit},
  doi     = {10.1080/0969594x.2013.830079},
  journal = {Assessment in Education: Principles, Policy \& Practice},
  number  = {2},
  pages   = {221--237},
  title   = {Profiles of educational assessment systems worldwide: Educational assessment in {Norway}},
  volume  = {21},
  year    = {2014},
  file    = {Profiles of education assessment systems worldwide\: Educational assessment in Norway:/home/tony/uio/pc/Dokumenter/PhD/Application/Rolf/Readings/Tveit (2014).pdf:PDF},
}

@Article{hovdhaugen:2018,
  author  = {Elisabeth Hovdhaugen and Tine Sophie Pr{\o}itz and Idunn Seland},
  doi     = {10.5617/adno.6276},
  journal = {Acta Didactica Norge},
  number  = {4},
  pages   = {{Art. 0}},
  title   = {National examination grades and final classroom grades---two of a kind?},
  volume  = {12},
  year    = {2018},
  file    = {National examination grades and final classroom grades---two of a kind?:/home/tony/uio/pc/Dokumenter/PhD/Application/Rolf/Readings/[Norwegian] Hovdhaugen, Proitz & Seland (2018).pdf:PDF},
}

@Article{tveit:2018,
  author  = {Sverre Tveit and Rolf Vegar Olsen},
  doi     = {10.5617/adno.6381},
  journal = {Acta Didactica Norge},
  number  = {4},
  pages   = {{Art. 18}},
  title   = {The multiple roles of national exams in the certification, governing and support of learning and instruction in {Norwegian} secondary education},
  volume  = {12},
  year    = {2018},
  file    = {The multiple roles of national exams in the certification, governing and support of learning and instruction in Norwegian secondary education:/home/tony/uio/pc/Dokumenter/PhD/Application/Rolf/Readings/[Norwegian] Tveit & Olsen (2018).pdf:PDF},
}

@Book{olson:2021,
  author    = {Rolf V. Olson},
  publisher = {Personal communication, 9 June 2021},
  title     = {Fairness-issues related to exams and teacher-made grade in the {Norwegian context}},
  year      = {2021},
}

@Article{ludtke:2008,
  author  = {Oliver L{\"u}dtke and Herbert W. Marsh and Alexander Robitzsch and Ulrich Trautwein and Tihomir Asparouhov and Bengt Muth{\'{e}}n},
  doi     = {10.1037/a0012869},
  journal = {Psychological Methods},
  number  = {3},
  pages   = {203--229},
  title   = {The multilevel latent covariate model: A new, more reliable approach to group-level effects in contextual studies.},
  volume  = {13},
  year    = {2008},
}

@Article{marsh:2009,
  author  = {Herbert W. Marsh and Oliver L{\"u}dtke and Alexander Robitzsch and Ulrich Trautwein and Tihomir Asparouhov and Bengt Muth{\'e}n and Benjamin Nagengast},
  doi     = {10.1080/00273170903333665},
  journal = {Multivariate Behavioral Research},
  number  = {6},
  pages   = {764--802},
  title   = {Doubly-latent models of school contextual effects: Integrating multilevel and structural equation approaches to control measurement and sampling error},
  volume  = {44},
  year    = {2009},
}

@Comment{jabref-meta: databaseType:bibtex;}
