@Book{thorn:2021,
  author    = {William Thorn and St{\'e}phan {Vincent-Lancrin}},
  publisher = {{OECD Publishing}},
  title     = {Schooling during a pandemic},
  year      = {2021},
  doi       = {10.1787/1c78681e-en},
}

@Article{hammerstein:2021,
  author  = {Svenja Hammerstein and Christoph K{\"o}nig and Thomas Dreis{\"o}rner and Andreas Frey},
  doi     = {10.3389/fpsyg.2021.746289},
  journal = {Frontiers in Psychology},
  pages   = {Article 746289},
  title   = {Effects of {COVID}-19-related school closures on student achievement---{A} systematic review},
  volume  = {12},
  year    = {2021},
}

@Article{betthauser:2022,
  author  = {Bastian Andreas Betth{\"a}user and Anders {Bach-Mortensen} and Per Engzell},
  doi     = {10.31235/osf.io/g2wuy},
  journal = {{SocArXiv}},
  title   = {A systematic review and meta-analysis of the impact of the {COVID}-19 pandemic on learning},
  year    = {2022},
}

@Article{clark:2021,
  author  = {Andrew E. Clark and Huifu Nong and Hongjia Zhu and Rong Zhu},
  doi     = {10.1016/j.chieco.2021.101629},
  journal = {China Economic Review},
  pages   = {Article 101629},
  title   = {Compensating for academic loss: Online learning and student performance during the {COVID}-19 pandemic},
  volume  = {68},
  year    = {2021},
}

@Article{kuhfeld:2020,
  author  = {Megan Kuhfeld and James Soland and Beth Tarasawa and Angela Johnson and Erik Ruzek and Jing Liu},
  doi     = {10.3102/0013189X20965918},
  journal = {Educational Researcher},
  number  = {8},
  pages   = {549--565},
  title   = {Projecting the potential impact of {COVID}-19 school closures on academic achievement},
  volume  = {49},
  year    = {2020},
}

@Article{vandervelde:2021,
  author  = {Maarten {van der Velde} and Florian Sense and Rinske Spijkers and Martijn Meeter and Hedderik {van Rijn}},
  doi     = {10.3389/feduc.2021.712987},
  journal = {Frontiers in Education},
  title   = {Lockdown learning: Changes in online foreign-language study activity and performance of dutch secondary school students during the {COVID}-19 pandemic},
  volume  = {6},
  year    = {2021},
  page    = {Article 712987},
  sortkey = {Velde, van der Maarten},
}

@Book{vanbuuren:2018,
  author    = {Stef {van Buuren}},
  publisher = {CRC Press},
  title     = {Flexible imputation of missing data},
  year      = {2018},
  edition   = {2nd ed.},
  url       = {https://stefvanbuuren.name/fimd/},
  sortkey   = {Buuren, van Stef},
}

@Article{vanbuuren:2011,
  author  = {Stef {van Buuren} and Karin {Groothuis-Oudshoorn}},
  doi     = {10.18637/jss.v045.i03},
  journal = {Journal of Statistical Software},
  number  = {3},
  title   = {mice: Multivariate Imputation by Chained Equations in R},
  volume  = {45},
  year    = {2011},
  sortkey = {Buuren, van Stef},
}

@Article{graham:2003,
  author  = {John W. Graham},
  doi     = {10.1207/s15328007sem1001_4},
  journal = {Structural Equation Modeling: A Multidisciplinary Journal},
  number  = {1},
  pages   = {80--100},
  title   = {Adding missing-data-relevant variables to {FIML}-based structural equation models},
  volume  = {10},
  year    = {2003},
}

@Book{graham:2012,
  author    = {John W. Graham},
  publisher = {Springer},
  title     = {Missing data: Analysis and design},
  year      = {2012},
  doi       = {10.1007/978-1-4614-4018-5},
}

@Book{angrist:2009,
  author    = {Joshua D. Angrist and J{\:o}rn-Steffen Pischke},
  publisher = {Princeton University Press},
  title     = {Mostly harmless econometrics: An empiricist's companion},
  year      = {2009},
}

@Book{brumback:2021,
  author    = {Babette A. Brumback},
  publisher = {Chapman and Hall/{CRC}},
  title     = {Fundamentals of causal inference with {R}},
  year      = {2021},
  doi       = {10.1201/9781003146674},
  month     = {sep},
}

@Article{engzell:2021,
  author  = {Per Engzell and Arun Frey and Mark D. Verhagen},
  doi     = {10.1073/pnas.2022376118},
  journal = {Proceedings of the National Academy of Sciences},
  number  = {17},
  pages   = {1--7},
  title   = {Learning loss due to school closures during the {COVID}-19 pandemic},
  volume  = {118},
  year    = {2021},
}

@Article{enders:2007,
  author  = {Craig K. Enders and Davood Tofighi},
  doi     = {10.1037/1082-989x.12.2.121},
  journal = {Psychological Methods},
  number  = {2},
  pages   = {121--138},
  title   = {Centering predictor variables in cross-sectional multilevel models: A new look at an old issue},
  volume  = {12},
  year    = {2007},
}

@Book{mplus,
  author    = {Linda K. Muth{\'e}n and Bengt O. Muth{\'e}n},
  publisher = {Muth{\'e}n \& Muth{\'e}n},
  title     = {Mplus stuatistical analysis with latent variables: User's guide \emph{(Version 8)}},
  year      = {1998--2017},
  url       = {https://www.statmodel.com/download/usersguide/MplusUserGuideVer_8.pdf},
}

@Book{scott:2013,
  author    = {Marc A. Scott and Jeffrey S. Simonoff and Brian D. Marx},
  publisher = {{SAGE}},
  title     = {The {SAGE} handbook of multilevel modeling},
  year      = {2013},
}

@Article{ludtke:2009,
  author  = {Oliver L{\"u}dtke and Alexander Robitzsch and Ulrich Trautwein and Mareike Kunter},
  doi     = {10.1016/j.cedpsych.2008.12.001},
  journal = {Contemporary Educational Psychology},
  number  = {2},
  pages   = {120--131},
  title   = {Assessing the impact of learning environments: How to use student ratings of classroom or school characteristics in multilevel modeling},
  volume  = {34},
  year    = {2009},
}

@Book{r,
  author    = {{R Core Team}},
  publisher = {R Foundation for Statistical Computing},
  title     = {R: A language and environment for statistical computing},
  year      = {2022},
  url       = {https://www.R-project.org/},
}

@Book{cohen:1988,
  author    = {Jacob Cohen},
  publisher = {Lawrence Erlbaum Associates},
  title     = {Statistical power analysis for the behavioral sciences},
  year      = {1988},
  doi       = {10.4324/9780203771587},
  edition   = {2nd ed.},
}

@Book{hattie:2009,
  author    = {John Hattie},
  publisher = {Routledge},
  title     = {Visible learning: A synthesis of over 800 meta-analyses relating to achievement},
  year      = {2009},
}

@Article{benjamini:1995,
  author  = {Yoav Benjamini and Yosef Hochberg},
  journal = {Journal of Royal Statistical Society. Series B (Methodological)},
  number  = {1},
  pages   = {289--300},
  title   = {Controlling the false discovery rate: A practical and powerful approach to multiple testing},
  volume  = {57},
  year    = {1995},
  url     = {https://www.jstor.org/stable/2346101},
}

@Article{schafer:2002,
  author  = {Joseph L. Schafer and John W. Graham},
  doi     = {10.1037/1082-989x.7.2.147},
  journal = {Psychological Methods},
  number  = {2},
  pages   = {147--177},
  title   = {Missing data: Our view of the state of the art},
  volume  = {7},
  year    = {2002},
}

@Book{apa:2017,
  author    = {{APA}},
  publisher = {American Psychological Association},
  title     = {Report of the {APA} task force on socioeconomic status},
  year      = {2017},
  url       = {https://www.apa.org/pi/ses/resources/publications/task-force-2006.pdf},
}

@Article{avvisati:2020,
  author  = {Francesco Avvisati},
  doi     = {10.1186/s40536-020-00086-x},
  journal = {Large-scale Assessments in Education},
  pages   = {Article 8},
  title   = {The measure of socio-economic status in {PISA}: A review and some suggested improvements},
  volume  = {8},
  year    = {2020},
}

@Article{oconnell:2019,
  author  = {Michael {O'Connell}},
  doi     = {10.1016/j.intell.2019.04.005},
  journal = {Intelligence},
  pages   = {41--47},
  title   = {Is the impact of {SES} on educational performance overestimated? {Evidence} from the {PISA} survey},
  volume  = {75},
  year    = {2019},
}

@Book{oecd:2019,
  author    = {{OECD}},
  publisher = {OECD Publishing},
  title     = {{PISA} 2018 results (Volume {II}): Where all students can succeed},
  year      = {2019},
  doi       = {10.1787/b5fd1b8f-en},
  month     = {dec},
}

@Article{lebreton:2008,
  author  = {James M. LeBreton and Jenell L. Senter},
  doi     = {10.1177/1094428106296642},
  journal = {Organizational Research Methods},
  number  = {4},
  pages   = {815--852},
  title   = {Answers to 20 questions about interrater reliability and interrater agreement},
  volume  = {11},
  year    = {2008},
}

@Article{shuell:1986,
  author  = {Thomas J. Shuell},
  doi     = {10.3102/00346543056004411},
  journal = {Review of Educational Research},
  number  = {4},
  pages   = {411--436},
  title   = {Cognitive conceptions of learning},
  volume  = {56},
  year    = {1986},
}

@Article{eisner:2019,
  author  = {Nora L. Eisner and Aja L. Murray and Manuel Eisner and Denis Ribeaud},
  doi     = {10.1177/0165025418797004},
  journal = {International Journal of Behavioral Development},
  number  = {1},
  pages   = {24--34},
  title   = {A practical guide to the analysis of non-response and attrition in longitudinal research using a real data example},
  volume  = {43},
  year    = {2019},
}

@Comment{jabref-meta: databaseType:bibtex;}
