@Article{kalinowski:2008,
  author    = {Pawel Kalinowski and Fiona Fidler and Geoff Cumming},
  doi       = {10.1027/1614-2241.4.4.152},
  journal   = {Methodology},
  number    = {4},
  pages     = {152--158},
  title     = {Overcoming the inverse probability fallacy},
  volume    = {4},
  year      = {2008},
  month     = {jan},
  publisher = {Hogrefe Publishing Group},
}

@Article{thompson:1987,
  author    = {William C. Thompson and Edward L. Schumann},
  doi       = {10.1007/BF01044641},
  journal   = {Law and Human Behavior},
  number    = {3},
  pages     = {167--187},
  title     = {Interpretation of statistical evidence in criminal trials: The prosecutor's fallacy and the defense attorney{\textquotesingle}s fallacy},
  volume    = {11},
  year      = {1987},
  publisher = {American Psychological Association ({APA})},
}

@Article{hill:2005,
  author    = {Ray Hill},
  doi       = {10.1111/j.1740-9713.2005.00077.x},
  journal   = {Significance},
  number    = {1},
  pages     = {13--16},
  title     = {Reflections on the cot death cases},
  volume    = {2},
  year      = {2005},
  month     = {feb},
  publisher = {Oxford University Press ({OUP})},
}

@Book{standards:2014,
  author    = {{AERA} and {APA} and {NCME}},
  publisher = {{American Educational Research Association} and {American Psychological Association} and {National Council on Measurement in Education}},
  title     = {Standards for educational and psychological testing},
  url       = {https://www.testingstandards.net/uploads/7/6/6/4/76643089/standards_2014edition.pdf},
  year      = {2014},
}


@Comment{jabref-meta: databaseType:bibtex;}
