% Encoding: UTF-8

@Article{chmielewski:2019,
  author  = {Anna K. Chmielewski},
  doi     = {10.1177/0003122419847165},
  journal = {American Sociological Review},
  number  = {3},
  pages   = {517--544},
  title   = {The global increase in the socioeconomic achievement gap, 1964 to 2015},
  volume  = {84},
  year    = {2019},
  file    = {The global increase in the socioeconomic achievement gap, 1964 to 2015:/home/tony/uio/pc/Dokumenter/PhD/Application/Readings/Chmielewski (2019).pdf:PDF},
}

@InBook{salmelaaro:2019,
  author    = {Katariina Salmela-Aro and Anna K. Chmielewski},
  booktitle = {Socioeconomic inequality and student outcomes: Cross-national trends, policies, and practices},
  editor    = {Louis Volante and Sylke V. Schnepf and John Jerrim and Don A. Klinger},
  pages     = {153--168},
  publisher = {Springer},
  title     = {Socioeconomic inequality and student outcomes in {Finnish} schools},
  year      = {2019},
  doi       = {10.1007/978-981-13-9863-6_9},
  file      = {Socioeconomic inequality and student outcomes in Finnish schools:/home/tony/uio/pc/Dokumenter/PhD/Application/Readings/Salmela-Aro & Chmielewski (2019).pdf:PDF},
}

@Article{strietholt:2016,
  author  = {Rolf Strietholt and Monica Ros{\'e}n},
  doi     = {10.1080/15366367.2015.1112711},
  journal = {Measurement: Interdisciplinary Research and Perspectives},
  number  = {1},
  pages   = {1--26},
  title   = {Linking large-scale reading assessments: Measuring international trends over 40 years},
  volume  = {14},
  year    = {2016},
  file    = {Linking large-scale reading assessments\: Measuring international trends over 40 years:/home/tony/uio/pc/Dokumenter/PhD/Application/Readings/Strietholt & Rosen (2016).pdf:PDF},
}

@Article{majoros:2021,
  author  = {Erika Majoros and Monica Ros{\'e}n and Stefan Johansson and Jan-Eric Gustafsson},
  doi     = {10.1007/s11092-021-09353-z},
  journal = {Educational Assessment, Evaluation and Accountability},
  number  = {1},
  pages   = {71--103},
  title   = {Measures of long-term trends in mathematics: Linking large-scale assessments over 50~years},
  volume  = {33},
  year    = {2021},
  file    = {Measures of long-term trends in mathematics\: Linking large-scale assessments over 50 years:/home/tony/uio/pc/Dokumenter/PhD/Application/Readings/Majoros, Rosen, Hohansson & Gustafsson (2021).pdf:PDF},
}

@Comment{jabref-meta: databaseType:bibtex;}
